@inproceedings{oi,
  author    = {Cynthia Dwork and
               Michael P. Kim and
               Omer Reingold and
               Guy N. Rothblum and
               Gal Yona},
  title     = {Outcome Indistinguishability},
  booktitle = {ACM Symposium on Theory of Computing (STOC'21)},
  year      = {2021},
  url       = {https://arxiv.org/abs/2011.13426},
}

@article{hardt2022performative,
  title={Performative Power},
  author={Hardt, Moritz and Jagadeesan, Meena and {Mendler-D{\"u}nner}, Celestine},
  journal={arXiv preprint arXiv:2203.17232},
  year={2022}
}


@article{narang2022multiplayer,
  title={Multiplayer performative prediction: Learning in decision-dependent games},
  author={Narang, Adhyyan and Faulkner, Evan and Drusvyatskiy, Dmitriy and Fazel, Maryam and Ratliff, Lillian J},
  journal={arXiv preprint arXiv:2201.03398},
  year={2022}
}

@inproceedings{izzo2021learn,
  title={How to learn when data reacts to your model: performative gradient descent},
  author={Izzo, Zachary and Ying, Lexing and Zou, James},
  booktitle={International Conference on Machine Learning},
  pages={4641--4650},
  year={2021},
  organization={PMLR}
}

@inproceedings{izzo2022learn,
  title={How to learn when data gradually reacts to your model},
  author={Izzo, Zachary and Zou, James and Ying, Lexing},
  booktitle={International Conference on Artificial Intelligence and Statistics},
  pages={3998--4035},
  year={2022},
  organization={PMLR}
}




@inproceedings{brown2022performative,
  title={Performative prediction in a stateful world},
  author={Brown, Gavin and Hod, Shlomi and Kalemaj, Iden},
  booktitle={International Conference on Artificial Intelligence and Statistics},
  pages={6045--6061},
  year={2022},
  organization={PMLR}
}

@article{cutler2021stochastic,
  title={Stochastic optimization under distributional drift},
  author={Cutler, Joshua and Drusvyatskiy, Dmitriy and Harchaoui, Zaid},
  journal={arXiv preprint arXiv:2108.07356},
  year={2021}
}

@article{drusvyatskiy2022stochastic,
  title={Stochastic optimization with decision-dependent distributions},
  author={Drusvyatskiy, Dmitriy and Xiao, Lin},
  journal={Mathematics of Operations Research},
  year={2022},
  publisher={INFORMS}
}

@article{mendler2020stochastic,
  title={Stochastic optimization for performative prediction},
  author={{Mendler-D{\"u}nner}, Celestine and Perdomo, Juan and Zrnic, Tijana and Hardt, Moritz},
  journal={Advances in Neural Information Processing Systems},
  volume={33},
  pages={4929--4939},
  year={2020}
}

@inproceedings{elkan2001foundations,
  title={The foundations of cost-sensitive learning},
  author={Elkan, Charles},
  booktitle={International joint conference on artificial intelligence},
  volume={17},
  pages={973--978},
  year={2001},
  organization={Lawrence Erlbaum Associates Ltd}
}


@inproceedings{miller2020strategic,
  title={Strategic classification is causal modeling in disguise},
  author={Miller, John and Milli, Smitha and Hardt, Moritz},
  booktitle={International Conference on Machine Learning},
  pages={6917--6926},
  year={2020},
  organization={PMLR}
}



@inproceedings{jagadeesan22a,
  title = 	 {Regret Minimization with Performative Feedback},
  author =       {Jagadeesan, Meena and Zrnic, Tijana and {Mendler-D{\"u}nner}, Celestine},
  booktitle = 	 {Proceedings of the 39th International Conference on Machine Learning},
  pages = 	 {9760--9785},
  year = 	 {2022},
  editor = 	 {Chaudhuri, Kamalika and Jegelka, Stefanie and Song, Le and Szepesvari, Csaba and Niu, Gang and Sabato, Sivan},
  volume = 	 {162},
  series = 	 {Proceedings of Machine Learning Research},
  month = 	 {17--23 Jul},
  publisher =    {PMLR},
}

@article{simon1956rational,
  title={Rational choice and the structure of the environment.},
  author={Simon, Herbert A},
  journal={Psychological review},
  volume={63},
  number={2},
  pages={129},
  year={1956},
  publisher={American Psychological Association}
}

@article{catboost,
  title={CatBoost: unbiased boosting with categorical features},
  author={Prokhorenkova, Liudmila and Gusev, Gleb and Vorobev, Aleksandr and Dorogush, Anna Veronika and Gulin, Andrey},
  journal={Advances in neural information processing systems},
  volume={31},
  year={2018}
}

@inproceedings{dudik2011,
author = {Dudik, Miroslav and Hsu, Daniel and Kale, Satyen and Karampatziakis, Nikos and Langford, John and Reyzin, Lev and Zhang, Tong},
title = {Efficient Optimal Learning for Contextual Bandits},
year = {2011},
isbn = {9780974903972},
publisher = {AUAI Press},
address = {Arlington, Virginia, USA},
booktitle = {Proceedings of the Twenty-Seventh Conference on Uncertainty in Artificial Intelligence},
pages = {169â€“178},
numpages = {10},
location = {Barcelona, Spain},
series = {UAI'11}
}

@article{balfanz2019early,
  title={Early warning indicators and intervention systems: State of the field},
  author={Balfanz, Robert and Byrnes, Vaughan},
  journal={Handbook of student engagement interventions},
  pages={45--55},
  year={2019},
  publisher={Elsevier}
}


@report{survey,
author = {{US Department of Education}},
title = {Issue Brief: Early Warning Systems},
institution = {Office of Planning, Evaluation and Policy Development},
year = {2016},
url = {https://www2.ed.gov/rschstat/eval/high-school/early-warning-systems-brief.pdf}, 
	note = {Available at \url{https://www2.ed.gov/rschstat/eval/high-school/early-warning-systems-brief.pdf}},
}


@inproceedings{beygelzimer2009error,
  title={Error-correcting tournaments},
  author={Beygelzimer, Alina and Langford, John and Ravikumar, Pradeep},
  booktitle={International Conference on Algorithmic Learning Theory},
  pages={247--262},
  year={2009},
  organization={Springer}
}

@inproceedings{abe2004iterative,
  title={An iterative method for multi-class cost-sensitive learning},
  author={Abe, Naoki and Zadrozny, Bianca and Langford, John},
  booktitle={Proceedings of the tenth ACM SIGKDD international conference on Knowledge discovery and data mining},
  pages={3--11},
  year={2004}
}

@inproceedings{langford2005sensitive,
  title={Sensitive error correcting output codes},
  author={Langford, John and Beygelzimer, Alina},
  booktitle={International Conference on Computational Learning Theory},
  pages={158--172},
  year={2005},
  organization={Springer}
}





@inproceedings{monster,
  title={Taming the monster: A fast and simple algorithm for contextual bandits},
  author={Agarwal, Alekh and Hsu, Daniel and Kale, Satyen and Langford, John and Li, Lihong and Schapire, Robert},
  booktitle={International Conference on Machine Learning},
  pages={1638--1646},
  year={2014},
  organization={PMLR}
}

@article{zhao2021calibrating,
  title={Calibrating predictions to decisions: A novel approach to multi-class calibration},
  author={Zhao, Shengjia and Kim, Michael P. and Sahoo, Roshni and Ma, Tengyu and Ermon, Stefano},
  journal={Advances in Neural Information Processing Systems},
  volume={34},
  pages={22313--22324},
  year={2021}
}

@inproceedings{omni,
  title={Omnipredictors},
  author={Gopalan, Parikshit and Kalai, Adam Tauman and Reingold, Omer and Sharan, Vatsal and Wieder, Udi},
  booktitle={ITCS},
  year={2022}
}


@article{gopalan2022personal,
  title={Loss Minimization through the Lens of Outcome Indistinguishability},
  author={Gopalan, Parikshi and Hu, Lunjia and Kim, Michael P. and Reingold, Omer and Wieder, Udi},
  year={2022},
  journal={Manuscript}
}

@inproceedings{kim2019multiaccuracy,
  title={Multiaccuracy: Black-box post-processing for fairness in classification},
  author={Kim, Michael P. and Ghorbani, Amirata and Zou, James},
  booktitle={Proceedings of the 2019 AAAI/ACM Conference on AI, Ethics, and Society},
  pages={247--254},
  year={2019}
}

@inproceedings{hkrr,
  title={Multicalibration: Calibration for the (computationally-identifiable) masses},
  author={{H{\'e}bert-Johnson}, Ursula and Kim, Michael P. and Reingold, Omer and Rothblum, Guy N.},
  booktitle={International Conference on Machine Learning},
  pages={1939--1948},
  year={2018},
  organization={PMLR}
}



@article{kleinberg2015prediction,
  title={Prediction policy problems},
  author={Kleinberg, Jon and Ludwig, Jens and Mullainathan, Sendhil and Obermeyer, Ziad},
  journal={American Economic Review},
  volume={105},
  number={5},
  pages={491--95},
  year={2015}
}

@article{salganik2020measuring,
  title={Measuring the predictability of life outcomes with a scientific mass collaboration},
  author={Salganik, Matthew J and Lundberg, Ian and Kindel, Alexander T and Ahearn, Caitlin E and Al-Ghoneim, Khaled and Almaatouq, Abdullah and Altschul, Drew M and Brand, Jennie E and Carnegie, Nicole Bohme and Compton, Ryan James and others},
  journal={Proceedings of the National Academy of Sciences},
  volume={117},
  number={15},
  pages={8398--8403},
  year={2020},
  publisher={National Acad Sciences}
}


@inproceedings{performative,
  title={Performative prediction},
  author={Perdomo, Juan and Zrnic, Tijana and {Mendler-D{\"u}nner}, Celestine and Hardt, Moritz},
  booktitle={International Conference on Machine Learning},
  pages={7599--7609},
  year={2020},
  organization={PMLR}
}

@inproceedings{miller2021outside,
  title={Outside the echo chamber: Optimizing the performative risk},
  author={Miller, John P and Perdomo, Juan C and Zrnic, Tijana},
  booktitle={International Conference on Machine Learning},
  pages={7710--7720},
  year={2021},
  organization={PMLR}
}

@article{valiant1984theory,
  title={A theory of the learnable},
  author={Valiant, Leslie G},
  journal={Communications of the ACM},
  volume={27},
  number={11},
  pages={1134--1142},
  year={1984},
  publisher={Acm New York, NY, USA}
}

@book{shalev2014understanding,
  title={Understanding machine learning: From theory to algorithms},
  author={{Shalev-Shwartz}, Shai and {Ben-David}, Shai},
  year={2014},
  publisher={Cambridge university press}
}


@inproceedings{hardt2016strategic,
  title={Strategic classification},
  author={Hardt, Moritz and Megiddo, Nimrod and Papadimitriou, Christos and Wootters, Mary},
  booktitle={Proceedings of the 2016 ACM conference on innovations in theoretical computer science},
  pages={111--122},
  year={2016}
}

@book{pearl2009causality,
  title={Causality},
  author={Pearl, Judea},
  year={2009},
  publisher={Cambridge university press}
}

@book{imbens2015causal,
  title={Causal inference in statistics, social, and biomedical sciences},
  author={Imbens, Guido W and Rubin, Donald B},
  year={2015},
  publisher={Cambridge University Press}
}


@article{ua,
  title={Universal adaptability: Target-independent inference that competes with propensity scoring},
  author={Kim, Michael P. and Kern, Christoph and Goldwasser, Shafi and Kreuter, Frauke and Reingold, Omer},
  journal={Proceedings of the National Academy of Sciences},
  volume={119},
  number={4},
  pages={e2108097119},
  year={2022},
  publisher={National Acad Sciences}
}

@article{barak,
author={Boaz Barak},
journal={Windows On Theory},
title={Proofs, beliefs, and algorithms through the lens of sum-of-squares},
year={2016},
note={\href{https://windowsontheory.org/2016/08/27/proofs-beliefs-and-algorithms-through-the-lens-of-sum-of-squares/}{https://windowsontheory.org/2016/08/27/proofs-beliefs-and-algorithms-through-the-lens-of-sum-of-squares/}}
}

@inproceedings{dwork2022beyond,
  title={Beyond Bernoulli: Generating Random Outcomes that cannot be Distinguished from Nature},
  author={Dwork, Cynthia and Kim, Michael P. and Reingold, Omer and Rothblum, Guy N. and Yona, Gal},
  booktitle={International Conference on Algorithmic Learning Theory},
  pages={342--380},
  year={2022},
  organization={PMLR}
}


@inproceedings{jung2021moment,
  title={Moment multicalibration for uncertainty estimation},
  author={Jung, Christopher and Lee, Changhwa and Pai, Mallesh and Roth, Aaron and Vohra, Rakesh},
  booktitle={Conference on Learning Theory},
  pages={2634--2678},
  year={2021},
  organization={PMLR}
}

@inproceedings{krishnamurthy2017active,
  title={Active learning for cost-sensitive classification},
  author={Krishnamurthy, Akshay and Agarwal, Alekh and Huang, Tzu-Kuo and Daum{\'e} III, Hal and Langford, John},
  booktitle={International Conference on Machine Learning},
  pages={1915--1924},
  year={2017},
  organization={PMLR}
}

@article{mason1999boosting,
  title={Boosting algorithms as gradient descent},
  author={Mason, Llew and Baxter, Jonathan and Bartlett, Peter and Frean, Marcus},
  journal={Advances in Neural Information Processing Systems},
  volume={12},
  year={1999}
}

@inproceedings{gupta2022online,
  title={Online Multivalid Learning: Means, Moments, and Prediction Intervals},
  author={Gupta, Varun and Jung, Christopher and Noarov, Georgy and Pai, Mallesh M and Roth, Aaron},
  booktitle={13th Innovations in Theoretical Computer Science Conference (ITCS 2022)},
  year={2022},
  organization={Schloss Dagstuhl-Leibniz-Zentrum f{\"u}r Informatik}
}

@inproceedings{gopalan2022low,
  title={Low-degree multicalibration},
  author={Gopalan, Parikshit and Kim, Michael P and Singhal, Mihir A and Zhao, Shengjia},
  booktitle={Conference on Learning Theory},
  pages={3193--3234},
  year={2022},
  organization={PMLR}
}







@inproceedings{kearns2018preventing,
  title={Preventing fairness gerrymandering: Auditing and learning for subgroup fairness},
  author={Kearns, Michael and Neel, Seth and Roth, Aaron and Wu, Zhiwei Steven},
  booktitle={International Conference on Machine Learning},
  pages={2564--2572},
  year={2018},
  organization={PMLR}
}

@article{kim2018fairness,
  title={Fairness through computationally-bounded awareness},
  author={Kim, Michael P. and Reingold, Omer and Rothblum, Guy N.},
  journal={Advances in Neural Information Processing Systems},
  volume={31},
  year={2018}
}

